@misc{CLOC,
  title = {{Count Lines of Code}},
  author = {AlDanial},
  howpublished = {\url{https://github.com/AlDanial/cloc}},
  year = {Aufgerufen Juni 2016}, 
}

@misc{pyasn1,
  title = {{pyasn1}},
  author = {Ilya Etingof},
  howpublished = {\url{http://pyasn1.sourceforge.net/}},
  year = {Aufgerufen Juni 2016}, 
}

@misc{cryptography,
  title = {{Cryptography}},
  author = {The cryptography developers},
  howpublished = {\url{https://cryptography.io/en/latest/}},
  year = {Aufgerufen Juni 2016}, 
}

@misc{pycrypto,
  title = {{PyCrypto}},
  author = {Dwayne C. Litzenberger},
  howpublished = {\url{https://pypi.python.org/pypi/pycrypto}},
  year = {Aufgerufen Juni 2016}, 
}

@misc{oscrypto,
  title = {{Oscrypto}},
  author = {wbond},
  howpublished = {\url{https://github.com/wbond/oscrypto}},
  year = {Aufgerufen Juni 2016}
}

@misc{django,
  title = {{Django project}},
  author = {Django Software Foundation},
  howpublished = {\url{https://www.djangoproject.com/}},
  year = {Aufgerufen Juni 2016}
}

@misc{vici,
  title = {{Versatile IKE Configuration Interface}},
  author = {strongSwan Project},
  howpublished = {\url{https://wiki.strongswan.org/projects/strongswan/wiki/VICI}},
  year = {Aufgerufen Juni 2016}
}

@misc{fernet-fields,
  title = {{django-fernet-fields}},
  author = {ORCAS, Inc},
  howpublished = {\url{https://github.com/orcasgit/django-fernet-fields}},
  year = {Aufgerufen Juni 2016}
}

@misc{pyaes,
  title = {{Pyaes}},
  author = {Richard Moore},
  howpublished = {\url{https://github.com/ricmoo/pyaes}},
  year = {Aufgerufen Juni 2016}
}

@misc{django-tables,
  title = {{django-tables2}},
  author = {Bradley Ayers},
  howpublished = {\url{https://github.com/bradleyayers/django-tables2}},
  year = {Aufgerufen Juni 2016}
}

@misc{gunicorn,
  title = {Gunicorn},
  author = {Benoit Chesneau},
  howpublished = {\url{http://gunicorn.org/}},
  year = {Aufgerufen Juni 2016}
}

@misc{dj-static,
  title = {DJ-Static},
  author = {Kenneth Reitz},
  howpublished = {\url{https://github.com/kennethreitz/dj-static}},
  year = {Aufgerufen Juni 2016}
}

@misc{bootstrap,
  title = {bootstrap},
  author = {Twitter, Inc.},
  howpublished = {\url{http://getbootstrap.com/}},
  year = {Aufgerufen Juni 2016}
}

@misc{jquery,
  title = {jquery},
  author = {jQuery Foundation and other contributors},
  howpublished = {\url{https://jquery.com/}},
  year = {Aufgerufen Juni 2016}
}

@misc{bootstrap-fileinput,
  title = {bootstrap-fileinput},
  author = {Kartik Visweswaran},
  howpublished = {\url{https://github.com/kartik-v/bootstrap-fileinput}},
  year = {Aufgerufen Juni 2016}
}

@misc{bootstrap-select,
  title = {bootstrap-select},
  author = {Silvio Moreto},
  howpublished = {\url{https://silviomoreto.github.io/bootstrap-select/}},
  year = {Aufgerufen Juni 2016}
}

@misc{bootstrap-toggle,
  title = {bootstrap-toggle},
  author = {Min Hur},
  howpublished = {\url{https://github.com/minhur/bootstrap-toggle/}},
  year = {Aufgerufen Juni 2016}
}

@misc{callout,
  title = {callout},
  author = {Chris Pratt},
  howpublished = {\url{http://cpratt.co/twitter-bootstrap-callout-css-styles/}},
  year = {Aufgerufen Juni 2016}
}

@misc{fontawesome,
  title = {fontawesome},
  author = {Dave Gandy},
  howpublished = {\url{http://fontawesome.io/}},
  year = {Aufgerufen Juni 2016}
}

@misc{wsgi,
  title = {wsgi},
  author = {Wikipedia foundation},
  howpublished = {\url{https://en.wikipedia.org/wiki/Web_Server_Gateway_Interface}},
  year = {Aufgerufen Juni 2016}
}


@misc{nginx-gunicorn,
  title = {HowTo set up django with nginx and gunicorn},
  author = {Justin Ellingwood},
  howpublished = {\url{https://www.digitalocean.com/community/tutorials/how-to-set-up-django-with-postgres-nginx-and-gunicorn-on-ubuntu-14-04}},
  year = {Aufgerufen Juni 2016}
}




